month,revenue
2014-01,41519.61
2014-02,41033.52
2014-03,41370.12
2014-04,41296.86
2014-05,41700.78
2014-06,41291.91
2014-07,41150.34
2014-08,41568.12
2014-09,41413.68
2014-10,41007.78
2014-11,40974.12
2014-12,40773.15
2015-01,41270.13
2015-02,41314.68
2015-03,41283.99
2015-04,41326.56
2015-05,41163.21
2015-06,41346.36
2015-07,41124.6
2015-08,41319.63
2015-09,41377.05
2015-10,41135.49
2015-11,41013.72
2015-12,41224.59